{
  "items": [
    {
      "id": "3752",
      "checked": false,
      "badges": {
        "is_water": false,
        "requires_age_check": false
      },
      "packaging": "Tarrina",
      "thumbnail": "https://prod-mercadona.imgix.net/20190521/52/3752/vlc1/3752_00_02.jpg?fit=crop&h=206&w=206",
      "item": "Salsa de mango",
      "bunch_selector": false,
      "price_instructions": {
        "iva": 4,
        "is_new": false,
        "is_pack": false,
        "pack_size": null,
        "unit_name": null,
        "unit_size": 0.2,
        "bulk_price": "7.95",
        "unit_price": "1.59",
        "approx_size": false,
        "size_format": "kg",
        "total_units": null,
        "unit_selector": true,
        "bunch_selector": false,
        "drained_weight": null,
        "price_decreased": false,
        "reference_price": "7.95",
        "min_bunch_amount": 1,
        "reference_format": "kg",
        "increment_bunch_amount": 1
      }
    },
    {
      "id": "5508",
      "checked": false,
      "badges": {
        "is_water": false,
        "requires_age_check": false
      },
      "packaging": "Bandeja",
      "thumbnail": "https://prod-mercadona.imgix.net/20190521/08/5508/vlc1/5508_00_10.jpg?fit=crop&h=206&w=206",
      "item": "Frambuesas",
      "bunch_selector": false,
      "price_instructions": {
        "iva": 4,
        "is_new": false,
        "is_pack": false,
        "pack_size": null,
        "unit_name": null,
        "unit_size": 0.17,
        "bulk_price": "13.47",
        "unit_price": "2.29",
        "approx_size": false,
        "size_format": "kg",
        "total_units": null,
        "unit_selector": true,
        "bunch_selector": false,
        "drained_weight": null,
        "price_decreased": false,
        "reference_price": "13.47",
        "min_bunch_amount": 1,
        "reference_format": "kg",
        "increment_bunch_amount": 1
      }
    },
    {
      "id": "3832",
      "checked": false,
      "badges": {
        "is_water": false,
        "requires_age_check": false
      },
      "packaging": "Bandeja",
      "thumbnail": "https://prod-mercadona.imgix.net/20190521/32/3832/vlc1/3832_00_01.jpg?fit=crop&h=206&w=206",
      "item": "Kiwi verde",
      "bunch_selector": false,
      "price_instructions": {
        "iva": 4,
        "is_new": false,
        "is_pack": true,
        "pack_size": 1,
        "unit_name": null,
        "unit_size": 1,
        "bulk_price": "2.69",
        "unit_price": "2.69",
        "approx_size": true,
        "size_format": "kg",
        "total_units": null,
        "unit_selector": true,
        "bunch_selector": false,
        "drained_weight": null,
        "price_decreased": false,
        "reference_price": "2.69",
        "min_bunch_amount": 1,
        "reference_format": "kg",
        "increment_bunch_amount": 1
      }
    },
    {
      "id": "3840",
      "checked": false,
      "badges": {
        "is_water": false,
        "requires_age_check": false
      },
      "packaging": "Tarrina",
      "thumbnail": "https://prod-mercadona.imgix.net/20190521/40/3840/vlc1/3840_00_02.jpg?fit=crop&h=206&w=206",
      "item": "Guacamole",
      "bunch_selector": false,
      "price_instructions": {
        "iva": 4,
        "is_new": false,
        "is_pack": false,
        "pack_size": null,
        "unit_name": null,
        "unit_size": 0.5,
        "bulk_price": "6.58",
        "unit_price": "3.29",
        "approx_size": false,
        "size_format": "kg",
        "total_units": null,
        "unit_selector": true,
        "bunch_selector": false,
        "drained_weight": null,
        "price_decreased": false,
        "reference_price": "6.58",
        "min_bunch_amount": 1,
        "reference_format": "kg",
        "increment_bunch_amount": 1
      }
    },
    {
      "id": "3852",
      "checked": false,
      "badges": {
        "is_water": false,
        "requires_age_check": false
      },
      "packaging": "Tarrina",
      "thumbnail": "https://prod-mercadona.imgix.net/20190521/52/3852/vlc1/3852_00_02.jpg?fit=crop&h=206&w=206",
      "item": "Guacamole",
      "bunch_selector": false,
      "price_instructions": {
        "iva": 4,
        "is_new": false,
        "is_pack": false,
        "pack_size": null,
        "unit_name": null,
        "unit_size": 0.2,
        "bulk_price": "7.95",
        "unit_price": "1.59",
        "approx_size": false,
        "size_format": "kg",
        "total_units": null,
        "unit_selector": true,
        "bunch_selector": false,
        "drained_weight": null,
        "price_decreased": false,
        "reference_price": "7.95",
        "min_bunch_amount": 1,
        "reference_format": "kg",
        "increment_bunch_amount": 1
      }
    },
    {
      "id": "5941",
      "checked": false,
      "badges": {
        "is_water": false,
        "requires_age_check": false
      },
      "packaging": "Bolsa",
      "thumbnail": "https://prod-mercadona.imgix.net/20190521/41/5941/vlc1/5941_00_02.jpg?fit=crop&h=206&w=206",
      "item": "Manzana roho",
      "bunch_selector": false,
      "price_instructions": {
        "iva": 4,
        "is_new": false,
        "is_pack": false,
        "pack_size": null,
        "unit_name": null,
        "unit_size": 1.5,
        "bulk_price": "1.29",
        "unit_price": "1.94",
        "approx_size": true,
        "size_format": "kg",
        "total_units": null,
        "unit_selector": true,
        "bunch_selector": false,
        "drained_weight": null,
        "price_decreased": false,
        "reference_price": "1.29",
        "min_bunch_amount": 1,
        "reference_format": "kg",
        "increment_bunch_amount": 1
      }
    },
    {
      "id": "5501",
      "checked": false,
      "badges": {
        "is_water": false,
        "requires_age_check": false
      },
      "packaging": "Vaso",
      "thumbnail": "https://prod-mercadona.imgix.net/20190521/01/5501/vlc1/5501_00_10.jpg?fit=crop&h=206&w=206",
      "item": "Arándanos",
      "bunch_selector": false,
      "price_instructions": {
        "iva": 4,
        "is_new": false,
        "is_pack": false,
        "pack_size": null,
        "unit_name": null,
        "unit_size": 0.225,
        "bulk_price": "10.00",
        "unit_price": "2.25",
        "approx_size": false,
        "size_format": "kg",
        "total_units": null,
        "unit_selector": true,
        "bunch_selector": false,
        "drained_weight": null,
        "price_decreased": false,
        "reference_price": "10.00",
        "min_bunch_amount": 1,
        "reference_format": "kg",
        "increment_bunch_amount": 1
      }
    },
    {
      "id": "3704",
      "checked": false,
      "badges": {
        "is_water": false,
        "requires_age_check": false
      },
      "packaging": "Bandeja",
      "thumbnail": "https://prod-mercadona.imgix.net/20190521/04/3704/vlc1/3704_00_01.jpg?fit=crop&h=206&w=206",
      "item": "Mora",
      "bunch_selector": false,
      "price_instructions": {
        "iva": 4,
        "is_new": false,
        "is_pack": false,
        "pack_size": null,
        "unit_name": null,
        "unit_size": 0.125,
        "bulk_price": "15.92",
        "unit_price": "1.99",
        "approx_size": false,
        "size_format": "kg",
        "total_units": null,
        "unit_selector": true,
        "bunch_selector": false,
        "drained_weight": null,
        "price_decreased": false,
        "reference_price": "15.92",
        "min_bunch_amount": 1,
        "reference_format": "kg",
        "increment_bunch_amount": 1
      }
    },
    {
      "id": "3004",
      "checked": false,
      "badges": {
        "is_water": false,
        "requires_age_check": false
      },
      "packaging": "Pieza",
      "thumbnail": "https://prod-mercadona.imgix.net/20190521/04/3004/vlc1/3004_00_02.jpg?fit=crop&h=206&w=206",
      "item": "Manzana braeburn",
      "bunch_selector": false,
      "price_instructions": {
        "iva": 4,
        "is_new": false,
        "is_pack": false,
        "pack_size": null,
        "unit_name": null,
        "unit_size": 0.26,
        "bulk_price": "1.29",
        "unit_price": "0.34",
        "approx_size": true,
        "size_format": "kg",
        "total_units": null,
        "unit_selector": true,
        "bunch_selector": false,
        "drained_weight": null,
        "price_decreased": false,
        "reference_price": "1.29",
        "min_bunch_amount": 1,
        "reference_format": "kg",
        "increment_bunch_amount": 1
      }
    },
    {
      "id": "3021",
      "checked": false,
      "badges": {
        "is_water": false,
        "requires_age_check": false
      },
      "packaging": "Pieza",
      "thumbnail": "https://prod-mercadona.imgix.net/20190521/21/3021/vlc1/3021_00_02.jpg?fit=crop&h=206&w=206",
      "item": "Manzana granny smith",
      "bunch_selector": false,
      "price_instructions": {
        "iva": 4,
        "is_new": false,
        "is_pack": false,
        "pack_size": null,
        "unit_name": null,
        "unit_size": 0.24,
        "bulk_price": "1.79",
        "unit_price": "0.43",
        "approx_size": true,
        "size_format": "kg",
        "total_units": null,
        "unit_selector": true,
        "bunch_selector": false,
        "drained_weight": null,
        "price_decreased": false,
        "reference_price": "1.79",
        "min_bunch_amount": 1,
        "reference_format": "kg",
        "increment_bunch_amount": 1
      }
    },
    {
      "id": "3090",
      "checked": false,
      "badges": {
        "is_water": false,
        "requires_age_check": false
      },
      "packaging": "Pieza",
      "thumbnail": "https://prod-mercadona.imgix.net/20190521/90/3090/vlc1/3090_00_02.jpg?fit=crop&h=206&w=206",
      "item": "Manzana roja",
      "bunch_selector": false,
      "price_instructions": {
        "iva": 4,
        "is_new": false,
        "is_pack": false,
        "pack_size": null,
        "unit_name": null,
        "unit_size": 0.24,
        "bulk_price": "1.59",
        "unit_price": "0.38",
        "approx_size": true,
        "size_format": "kg",
        "total_units": null,
        "unit_selector": true,
        "bunch_selector": false,
        "drained_weight": null,
        "price_decreased": false,
        "reference_price": "1.59",
        "min_bunch_amount": 1,
        "reference_format": "kg",
        "increment_bunch_amount": 1
      }
    },
    {
      "id": "3028",
      "checked": false,
      "badges": {
        "is_water": false,
        "requires_age_check": false
      },
      "packaging": "Pieza",
      "thumbnail": "https://prod-mercadona.imgix.net/20190521/28/3028/vlc1/3028_00_02.jpg?fit=crop&h=206&w=206",
      "item": "Manzana golden",
      "bunch_selector": false,
      "price_instructions": {
        "iva": 4,
        "is_new": false,
        "is_pack": false,
        "pack_size": null,
        "unit_name": null,
        "unit_size": 0.23,
        "bulk_price": "1.59",
        "unit_price": "0.37",
        "approx_size": true,
        "size_format": "kg",
        "total_units": null,
        "unit_selector": true,
        "bunch_selector": false,
        "drained_weight": null,
        "price_decreased": false,
        "reference_price": "1.59",
        "min_bunch_amount": 1,
        "reference_format": "kg",
        "increment_bunch_amount": 1
      }
    },
    {
      "id": "3175",
      "checked": false,
      "badges": {
        "is_water": false,
        "requires_age_check": false
      },
      "packaging": "Pieza",
      "thumbnail": "https://prod-mercadona.imgix.net/20190521/75/3175/vlc1/3175_00_02.jpg?fit=crop&h=206&w=206",
      "item": "Manzana fuji",
      "bunch_selector": false,
      "price_instructions": {
        "iva": 4,
        "is_new": false,
        "is_pack": false,
        "pack_size": null,
        "unit_name": null,
        "unit_size": 0.22,
        "bulk_price": "1.69",
        "unit_price": "0.37",
        "approx_size": true,
        "size_format": "kg",
        "total_units": null,
        "unit_selector": true,
        "bunch_selector": false,
        "drained_weight": null,
        "price_decreased": false,
        "reference_price": "1.69",
        "min_bunch_amount": 1,
        "reference_format": "kg",
        "increment_bunch_amount": 1
      }
    },
    {
      "id": "3515",
      "checked": false,
      "badges": {
        "is_water": false,
        "requires_age_check": false
      },
      "packaging": "1/2 Pieza",
      "thumbnail": "https://prod-mercadona.imgix.net/20190521/15/3515/vlc1/3515_00_10.jpg?fit=crop&h=206&w=206",
      "item": "Melón piel de sapo",
      "bunch_selector": false,
      "price_instructions": {
        "iva": 4,
        "is_new": false,
        "is_pack": false,
        "pack_size": null,
        "unit_name": null,
        "unit_size": 1.68,
        "bulk_price": "1.59",
        "unit_price": "2.67",
        "approx_size": true,
        "size_format": "kg",
        "total_units": null,
        "unit_selector": true,
        "bunch_selector": false,
        "drained_weight": null,
        "price_decreased": false,
        "reference_price": "1.59",
        "min_bunch_amount": 1,
        "reference_format": "kg",
        "increment_bunch_amount": 1
      }
    },
    {
      "id": "3269",
      "checked": false,
      "badges": {
        "is_water": false,
        "requires_age_check": false
      },
      "packaging": "Bolsa",
      "thumbnail": "https://prod-mercadona.imgix.net/20190521/69/3269/vlc1/3269_00_01.jpg?fit=crop&h=206&w=206",
      "item": "Manzana golden",
      "bunch_selector": false,
      "price_instructions": {
        "iva": 4,
        "is_new": false,
        "is_pack": false,
        "pack_size": null,
        "unit_name": null,
        "unit_size": 1.5,
        "bulk_price": "1.29",
        "unit_price": "1.94",
        "approx_size": true,
        "size_format": "kg",
        "total_units": null,
        "unit_selector": true,
        "bunch_selector": false,
        "drained_weight": null,
        "price_decreased": false,
        "reference_price": "1.29",
        "min_bunch_amount": 1,
        "reference_format": "kg",
        "increment_bunch_amount": 1
      }
    },
    {
      "id": "3268",
      "checked": false,
      "badges": {
        "is_water": false,
        "requires_age_check": false
      },
      "packaging": "Bolsa",
      "thumbnail": "https://prod-mercadona.imgix.net/20190521/68/3268/vlc1/3268_00_01.jpg?fit=crop&h=206&w=206",
      "item": "Manzana fuji",
      "bunch_selector": false,
      "price_instructions": {
        "iva": 4,
        "is_new": false,
        "is_pack": false,
        "pack_size": null,
        "unit_name": null,
        "unit_size": 1.5,
        "bulk_price": "1.39",
        "unit_price": "2.08",
        "approx_size": true,
        "size_format": "kg",
        "total_units": null,
        "unit_selector": true,
        "bunch_selector": false,
        "drained_weight": null,
        "price_decreased": false,
        "reference_price": "1.39",
        "min_bunch_amount": 1,
        "reference_format": "kg",
        "increment_bunch_amount": 1
      }
    },
    {
      "id": "3201",
      "checked": true,
      "badges": {
        "is_water": false,
        "requires_age_check": false
      },
      "packaging": "Pieza",
      "thumbnail": "https://prod-mercadona.imgix.net/20190521/01/3201/vlc1/3201_00_02.jpg?fit=crop&h=206&w=206",
      "item": "Manzana reineta",
      "bunch_selector": false,
      "price_instructions": {
        "iva": 4,
        "is_new": false,
        "is_pack": false,
        "pack_size": null,
        "unit_name": null,
        "unit_size": 0.22,
        "bulk_price": "1.89",
        "unit_price": "0.42",
        "approx_size": true,
        "size_format": "kg",
        "total_units": null,
        "unit_selector": true,
        "bunch_selector": false,
        "drained_weight": null,
        "price_decreased": false,
        "reference_price": "1.89",
        "min_bunch_amount": 1,
        "reference_format": "kg",
        "increment_bunch_amount": 1
      }
    },
    {
      "id": "3428",
      "checked": true,
      "badges": {
        "is_water": false,
        "requires_age_check": false
      },
      "packaging": "Pieza",
      "thumbnail": "https://prod-mercadona.imgix.net/20190521/28/3428/vlc1/3428_00_10.jpg?fit=crop&h=206&w=206",
      "item": "Albaricoque",
      "bunch_selector": false,
      "price_instructions": {
        "iva": 4,
        "is_new": false,
        "is_pack": false,
        "pack_size": null,
        "unit_name": null,
        "unit_size": 0.065,
        "bulk_price": "2.95",
        "unit_price": "0.19",
        "approx_size": true,
        "size_format": "kg",
        "total_units": null,
        "unit_selector": true,
        "bunch_selector": false,
        "drained_weight": null,
        "price_decreased": false,
        "reference_price": "2.95",
        "min_bunch_amount": 1,
        "reference_format": "kg",
        "increment_bunch_amount": 1
      }
    },
    {
      "id": "5928",
      "checked": true,
      "badges": {
        "is_water": false,
        "requires_age_check": false
      },
      "packaging": null,
      "thumbnail": "https://prod-mercadona.imgix.net/20190521/28/5928/vlc1/5928_00_10.jpg?fit=crop&h=206&w=206",
      "item": "Albaricoque",
      "bunch_selector": false,
      "price_instructions": {
        "iva": 4,
        "is_new": false,
        "is_pack": true,
        "pack_size": 0.8,
        "unit_name": null,
        "unit_size": 0.8,
        "bulk_price": "2.50",
        "unit_price": "2.00",
        "approx_size": true,
        "size_format": "kg",
        "total_units": null,
        "unit_selector": true,
        "bunch_selector": false,
        "drained_weight": null,
        "price_decreased": false,
        "reference_price": "2.50",
        "min_bunch_amount": 1,
        "reference_format": "kg",
        "increment_bunch_amount": 1
      }
    },
    {
      "id": "3839",
      "checked": false,
      "badges": {
        "is_water": false,
        "requires_age_check": false
      },
      "packaging": "Bandeja",
      "thumbnail": "https://prod-mercadona.imgix.net/20190521/39/3839/vlc1/3839_00_01.jpg?fit=crop&h=206&w=206",
      "item": "Kiwi amarillo",
      "bunch_selector": false,
      "price_instructions": {
        "iva": 4,
        "is_new": false,
        "is_pack": true,
        "pack_size": null,
        "unit_name": null,
        "unit_size": 0.5,
        "bulk_price": "5.45",
        "unit_price": "2.72",
        "approx_size": true,
        "size_format": "kg",
        "total_units": null,
        "unit_selector": true,
        "bunch_selector": false,
        "drained_weight": null,
        "price_decreased": false,
        "reference_price": "5.45",
        "min_bunch_amount": 1,
        "reference_format": "kg",
        "increment_bunch_amount": 1
      }
    },
    {
      "id": "3651",
      "checked": false,
      "badges": {
        "is_water": false,
        "requires_age_check": false
      },
      "packaging": "Bandeja",
      "thumbnail": "https://prod-mercadona.imgix.net/20190521/51/3651/vlc1/3651_00_10.jpg?fit=crop&h=206&w=206",
      "item": "Cereza",
      "bunch_selector": false,
      "price_instructions": {
        "iva": 4,
        "is_new": false,
        "is_pack": false,
        "pack_size": null,
        "unit_name": null,
        "unit_size": 0.5,
        "bulk_price": "5.99",
        "unit_price": "3.00",
        "approx_size": true,
        "size_format": "kg",
        "total_units": null,
        "unit_selector": true,
        "bunch_selector": false,
        "drained_weight": null,
        "price_decreased": false,
        "reference_price": "5.99",
        "min_bunch_amount": 1,
        "reference_format": "kg",
        "increment_bunch_amount": 1
      }
    },
    {
      "id": "3770",
      "checked": false,
      "badges": {
        "is_water": false,
        "requires_age_check": false
      },
      "packaging": "Bandeja",
      "thumbnail": "https://prod-mercadona.imgix.net/20190521/70/3770/vlc1/3770_00_01.jpg?fit=crop&h=206&w=206",
      "item": "Níspero",
      "bunch_selector": false,
      "price_instructions": {
        "iva": 4,
        "is_new": false,
        "is_pack": false,
        "pack_size": null,
        "unit_name": null,
        "unit_size": 0.5,
        "bulk_price": "2.85",
        "unit_price": "1.42",
        "approx_size": true,
        "size_format": "kg",
        "total_units": null,
        "unit_selector": true,
        "bunch_selector": false,
        "drained_weight": null,
        "price_decreased": false,
        "reference_price": "2.85",
        "min_bunch_amount": 1,
        "reference_format": "kg",
        "increment_bunch_amount": 1
      }
    },
    {
      "id": "3706",
      "checked": false,
      "badges": {
        "is_water": false,
        "requires_age_check": false
      },
      "packaging": "Pieza",
      "thumbnail": "https://prod-mercadona.imgix.net/20190521/06/3706/vlc1/3706_00_10.jpg?fit=crop&h=206&w=206",
      "item": "Banana",
      "bunch_selector": false,
      "price_instructions": {
        "iva": 4,
        "is_new": false,
        "is_pack": false,
        "pack_size": null,
        "unit_name": null,
        "unit_size": 0.17,
        "bulk_price": "1.29",
        "unit_price": "0.22",
        "approx_size": true,
        "size_format": "kg",
        "total_units": null,
        "unit_selector": true,
        "bunch_selector": false,
        "drained_weight": null,
        "price_decreased": false,
        "reference_price": "1.29",
        "min_bunch_amount": 1,
        "reference_format": "kg",
        "increment_bunch_amount": 1
      }
    }
  ]
}
